%% This BibTeX bibliography file was created using BibDesk.
%% http://bibdesk.sourceforge.net/

%% Created for Kevin-MacBook at 2018-06-30 20:57:26 +0800 


%% Saved with string encoding Unicode (UTF-8) 



@article{ref1,
	Author = {Kevin},
	Journal = {yyy},
	Title = {xxx},
	Year = {2018}}

@article{ref2,
	Author = {Lee},
	Journal = {yyy},
	Title = {xxx},
	Year = {2018}}